<record><leader>00000cas a22000007a 4500</leader><controlfield tag="001">11656904</controlfield><controlfield tag="008">850205d18551860njuwr ne      0    0eng d</controlfield><datafield ind1=" " ind2=" " tag="010"><subfield code="a">sn 85025321 </subfield></datafield><datafield ind1=" " ind2=" " tag="040"><subfield code="a">NPX</subfield><subfield code="b">eng</subfield><subfield code="c">NPX</subfield><subfield code="d">NPA</subfield><subfield code="d">PPM</subfield><subfield code="d">NJW</subfield><subfield code="d">OCLCQ</subfield><subfield code="d">DLC</subfield><subfield code="d">OCLCQ</subfield><subfield code="d">OCLCF</subfield></datafield><datafield ind1=" " ind2=" " tag="042"><subfield code="a">msc</subfield></datafield><datafield ind1=" " ind2=" " tag="043"><subfield code="a">n-us-nj</subfield></datafield><datafield ind1="0" ind2="0" tag="050"><subfield code="a">Newspaper</subfield></datafield><datafield ind1="0" ind2="4" tag="245"><subfield code="a">The Times. And New Jersey union.</subfield></datafield><datafield ind1="1" ind2="3" tag="246"><subfield code="a">Times and union</subfield></datafield><datafield ind1=" " ind2=" " tag="260"><subfield code="a">New-Brunswick, N.J. :</subfield><subfield code="b">A.R. Speer,</subfield><subfield code="c">-1860.</subfield></datafield><datafield ind1=" " ind2=" " tag="300"><subfield code="a">v. :</subfield><subfield code="b">ill. ;</subfield><subfield code="c">58 cm.</subfield></datafield><datafield ind1=" " ind2=" " tag="310"><subfield code="a">Weekly</subfield></datafield><datafield ind1="0" ind2=" " tag="362"><subfield code="a">-v. 50, no. 12 (Dec. 6, 1860).</subfield></datafield><datafield ind1="1" ind2=" " tag="362"><subfield code="a">Began with Jan. 14, 1855 issue.</subfield></datafield><datafield ind1=" " ind2=" " tag="500"><subfield code="a">Editor: Albert R. Speer, &lt;1859&gt;.</subfield></datafield><datafield ind1=" " ind2=" " tag="530"><subfield code="a">Also issued on microfilm by Micro-Graphic Corp., Garfield, N.J.</subfield></datafield><datafield ind1=" " ind2=" " tag="580"><subfield code="a">Daily edition called: New-Brunswick daily news.</subfield></datafield><datafield ind1=" " ind2=" " tag="588"><subfield code="a">Description based on: Vol. 40, no. 32 (Feb. 8, 1855).</subfield></datafield><datafield ind1=" " ind2="0" tag="651"><subfield code="a">New Brunswick (N.J.)</subfield><subfield code="v">Newspapers.</subfield></datafield><datafield ind1=" " ind2="7" tag="655"><subfield code="a">Newspapers.</subfield><subfield code="2">fast</subfield><subfield code="0">(OCoLC)fst01423814</subfield></datafield><datafield ind1=" " ind2="7" tag="651"><subfield code="a">New Jersey</subfield><subfield code="z">New Brunswick.</subfield><subfield code="2">fast</subfield><subfield code="0">(OCoLC)fst01204552</subfield></datafield><datafield ind1=" " ind2=" " tag="752"><subfield code="a">United States</subfield><subfield code="b">New Jersey</subfield><subfield code="c">Middlesex</subfield><subfield code="d">New Brunswick.</subfield></datafield><datafield ind1="1" ind2=" " tag="775"><subfield code="t">New-Brunswick daily news</subfield><subfield code="w">(DLC)sn 85025320</subfield></datafield><datafield ind1="0" ind2="0" tag="780"><subfield code="t">Times (New Brunswick, N.J. : 1826)</subfield><subfield code="w">(DLC)sn 84026618</subfield><subfield code="w">(OCoLC)10514477</subfield></datafield><datafield ind1="0" ind2="0" tag="785"><subfield code="t">Times (New Brunswick, N.J. : 1860)</subfield><subfield code="w">(DLC)sn 85036063</subfield></datafield></record>